<record><leader>00000cas a22000007a 4500</leader><controlfield tag="001">11800025</controlfield><controlfield tag="008">850313d19011904aluwr ne      0    0eng d</controlfield><datafield ind1=" " ind2=" " tag="010"><subfield code="a">sn 85044558 </subfield></datafield><datafield ind1=" " ind2=" " tag="040"><subfield code="a">AAA</subfield><subfield code="b">eng</subfield><subfield code="c">AAA</subfield><subfield code="d">CPN</subfield><subfield code="d">OCL</subfield><subfield code="d">OCLCQ</subfield></datafield><datafield ind1=" " ind2=" " tag="019"><subfield code="a">12320609</subfield></datafield><datafield ind1=" " ind2=" " tag="042"><subfield code="a">msc</subfield></datafield><datafield ind1="0" ind2=" " tag="130"><subfield code="a">Shelby chronicle (Columbiana, Ala. : 1901)</subfield></datafield><datafield ind1="1" ind2="4" tag="245"><subfield code="a">The Shelby chronicle.</subfield></datafield><datafield ind1="1" ind2="7" tag="246"><subfield code="a">Chronicle</subfield></datafield><datafield ind1=" " ind2=" " tag="260"><subfield code="a">Columbiana, Ala. :</subfield><subfield code="b">C.C. Dubose,</subfield><subfield code="c">1901-1904.</subfield></datafield><datafield ind1=" " ind2=" " tag="300"><subfield code="a">v. :</subfield><subfield code="b">ill.</subfield></datafield><datafield ind1=" " ind2=" " tag="310"><subfield code="a">Weekly</subfield></datafield><datafield ind1="0" ind2=" " tag="362"><subfield code="a">Vol. 16, no. 21 (Mar. 28, 1901)-v. 17 [i.e. 19], no. 32 (Mar. 31, 1904).</subfield></datafield><datafield ind1=" " ind2=" " tag="515"><subfield code="a">Numbering is irregular.</subfield></datafield><datafield ind1=" " ind2=" " tag="752"><subfield code="a">United States</subfield><subfield code="b">Alabama</subfield><subfield code="c">Shelby</subfield><subfield code="d">Columbiana.</subfield></datafield><datafield ind1="0" ind2="0" tag="780"><subfield code="t">Chronicle (Columbiana, Ala.)</subfield><subfield code="w">(DLC)sn 85044556</subfield></datafield><datafield ind1="0" ind2="7" tag="785"><subfield code="t">Montevallo sentinel</subfield><subfield code="w">(DLC)sn 87050321</subfield></datafield><datafield ind1="0" ind2="7" tag="785"><subfield code="t">Columbiana sentinel</subfield><subfield code="w">(DLC)sn 87050322</subfield></datafield><datafield ind1="1" ind2=" " tag="029"><subfield code="a">AU@</subfield><subfield code="b">000025827475</subfield></datafield></record>